@online{data,
    author = "GEBCO",
    title = "Data for Navitas Bay Wind Farm",
    url = "https://download.gebco.net/",
}

@article{data_paper,
author = {Oh, Ki-Yong and Nam, Woochul and Ryu, Moo and Kim, Ji-Yong and Epureanu, Bogdan},
year = {2018},
month = {05},
pages = {},
title = {A review on the foundation of offshore wind energy convertors: current status and future perspectives},
volume = {88},
journal = {Renewable and Sustainable Energy Reviews},
doi = {10.1016/j.rser.2018.02.005}
}

@online{navitus,
    author = "Navitus Bay Commitee",
    title = "Navitus Bay Wind Park: Enviromental Statement",
    url  = "https://infrastructure.planninginspectorate.gov.uk/wp-content/ipc/uploads/projects/EN010024/EN010024-001044-6.3%20NonTechnical%20Summary.pdf",
    addendum = "(accessed: 13.01.2021)"
}
