@article{r0paper,
author = {Heffernan, Jane and Smith, R.J. and Wahl, L.M.},
year = {2005},
month = {10},
pages = {281-93},
title = {Perspectives on the Basic Reproductive Ratio},
volume = {2},
journal = {Journal of the Royal Society, Interface / the Royal Society},
doi = {10.1098/rsif.2005.0042}
}

@article{WHOcorona,
author = {WHO},
year = {2021},
month = {03},
title = {Health Topics - Coronavirus},
journal = {World Health Organization},
url = {https://www.who.int/health-topics/coronavirus#tab=tab_1}
}

@article{youngsocial,
author = {Bethany Ao},
year = {2020},
month = {05},
title = {Despite coronavirus risks, young people are socializing and cases are surging. Psychologists explain why.},
journal = {The Philadelphia Inquirer},
url = {https://www.inquirer.com/health/coronavirus/coronavirus-risks-young-people-cases-surging-psychology-20200701.html}
}

@article{mightdieyouoldie,
author = {CDC},
year = {2021},
month = {02},
title = {Older Adults - At greater risk of requiring hospitalization or dying if diagnosed with COVID-19},
journal = {Centres for Disease Control and Prevention},
url = {https://www.cdc.gov/coronavirus/2019-ncov/need-extra-precautions/older-adults.html}
}

@article{reprodnumber,
author = {David Child},
year = {2020},
month = {10},
title = {UK coronavirus R rate could be as high as 1.6, new figures show},
journal = {Evening Standard},
url = {https://www.standard.co.uk/news/uk/uk-coronavirus-r-rate-latest-1-6-a4562096.html}
}

@article{ukgov,
author = {UK Government},
year = {2021},
month = {03},
title = {People who have received vaccinations, by report date (daily)},
journal = {GOV.UK},
url = {https://coronavirus.data.gov.uk/details/vaccinations}
}

@article{Youngperoplespreadshit,
	url = {https://www.cambridge.org/core/journals/epidemiology-and-infection/article/agerelated-changes-in-the-rate-of-disease-transmission-implications-for-the-design-of-vaccination-programmes/9727DF4D5D0557D5DD72220106FC4747},
	year = 1985,
	month = {05},
	publisher = {Epidemiology and Infection},
	author = {R. M. Anderson and R. M. May},
	title = {Age-related changes in the rate of disease transmission: implications for the design of vaccination programmes}
}

@article{smallpx,
	url = {https://www.ncbi.nlm.nih.gov/pmc/articles/PMC7866312/},
	year = 2021,
	month = {01},
	publisher = {ASTMH},
	author = {Joel G. Breman},
	title = {Smallpox Eradication: African Origin, African Solutions, and Relevance for COVID-19}
}

@article{cit1,
	url = {https://doi.org/10.22541\%2Fau.161420511.12987747\%2Fv1},
	year = 2021,
	month = {02},
	publisher = {Authorea,
Inc.},
	author = {Michael Weekes and Nick K Jones and Lucy Rivett and Chris Workman and Mark Ferris and Ashley Shaw and Paul J Lehner and Rob Howes and Giles Wright and Nicholas J Matheson and Michael P Weekes},
	title = {Single-dose {BNT}162b2 vaccine protects against asymptomatic {SARS}-{CoV}-2 infection}
}

@article{ImmuneTimeRecovered,
	url = {https://science.sciencemag.org/content/371/6529/eabf4063},
	year = 2021,
	month = {02},
	publisher = {Science},
	author = {Jennifer M. Dan and Jose Mateus and Yu Kato and Kathryn M. Hastie and Esther Dawen and Caterina E. Faliti and Alba Grifoni and Sydney I. Ramirez and Sonya Haupt and April Frazier and Catherine Nakao and Vamseedhar Rayaprolu and Stephen A. Rawlings and Bjoern Peters and Florian Krammer and Viviana Simon and Ollmann Saphire and Davey M. Smith and Daniela Weiskopf and Alessandro Sette and Shane Crotty},
	title = {Immunological memory to SARS-CoV-2 assessed for up to 8 months after infection}
}

@article{astravaccine,
	url = {https://www.bmj.com/content/372/bmj.n326#:~:text=The\%20study\%20found\%20vaccine\%20efficacy,CI\%2032.7\%25\%20to\%2069.7\%25).},
	year = 2021,
	month = {02},
	publisher = {thebmj},
	author = {Jacqui Wise},
	title = {Covid-19: New data on Oxford AstraZeneca vaccine backs 12 week dosing interval}
}

RESEARCH ARTICLE
Immunological memory to SARS-CoV-2 assessed for up to 8 months after infection
View ORCID ProfileJennifer M. Dan1,2,*, View ORCID ProfileJose Mateus1,*, View ORCID ProfileYu Kato1,*, View ORCID ProfileKathryn M. Hastie1, View ORCID ProfileEsther Dawen Yu1, Caterina E. Faliti1, View ORCID ProfileAlba Grifoni1, View ORCID ProfileSydney I. Ramirez1,2, View ORCID ProfileSonya Haupt1, View ORCID ProfileApril Frazier1, Catherine Nakao1, View ORCID ProfileVamseedhar Rayaprolu1, View ORCID ProfileStephen A. Rawlings2, View ORCID ProfileBjoern Peters1,3, View ORCID ProfileFlorian Krammer4, View ORCID ProfileViviana Simon4,5,6, View ORCID ProfileErica Ollmann Saphire1,2, View ORCID ProfileDavey M. Smith2, View ORCID ProfileDaniela Weiskopf1,†, View ORCID ProfileAlessandro Sette1,2,†, View ORCID ProfileShane Crotty1,2,†
 See all authors and affiliations

Science  05 Feb 2021:
Vol. 371, Issue 6529, eabf4063
DOI: 10.1126/science.abf4063